%YAML 1.1
%TAG !u! tag:unity3d.com,2011:
--- !u!1 &7594632807463726346
GameObject:
  m_ObjectHideFlags: 0
  m_CorrespondingSourceObject: {fileID: 0}
  m_PrefabInstance: {fileID: 0}
  m_PrefabAsset: {fileID: 0}
  serializedVersion: 6
  m_Component:
  - component: {fileID: 615333793867234710}
  m_Layer: 0
  m_Name: Forest
  m_TagString: Untagged
  m_Icon: {fileID: 0}
  m_NavMeshLayer: 0
  m_StaticEditorFlags: 0
  m_IsActive: 1
--- !u!4 &615333793867234710
Transform:
  m_ObjectHideFlags: 0
  m_CorrespondingSourceObject: {fileID: 0}
  m_PrefabInstance: {fileID: 0}
  m_PrefabAsset: {fileID: 0}
  m_GameObject: {fileID: 7594632807463726346}
  m_LocalRotation: {x: 0, y: 0, z: 0, w: 1}
  m_LocalPosition: {x: 0, y: 0, z: 0}
  m_LocalScale: {x: 1, y: 1, z: 1}
  m_Children:
  - {fileID: 3561423790964427891}
  - {fileID: 7317783388729325697}
  - {fileID: 5803361657357393410}
  - {fileID: 252373902060866913}
  - {fileID: 1409050869655069419}
  - {fileID: 7735719724208048079}
  - {fileID: 9201688547984455750}
  - {fileID: 773140740016337871}
  m_Father: {fileID: 0}
  m_RootOrder: 0
  m_LocalEulerAnglesHint: {x: 0, y: 0, z: 0}
--- !u!1001 &252373902061000673
PrefabInstance:
  m_ObjectHideFlags: 0
  serializedVersion: 2
  m_Modification:
    m_TransformParent: {fileID: 615333793867234710}
    m_Modifications:
    - target: {fileID: 100000, guid: ada9fade606cd9b409cade7b636af033, type: 3}
      propertyPath: m_Name
      value: grass_dense
      objectReference: {fileID: 0}
    - target: {fileID: 400000, guid: ada9fade606cd9b409cade7b636af033, type: 3}
      propertyPath: m_LocalPosition.x
      value: 0.3046
      objectReference: {fileID: 0}
    - target: {fileID: 400000, guid: ada9fade606cd9b409cade7b636af033, type: 3}
      propertyPath: m_LocalPosition.y
      value: 0.1
      objectReference: {fileID: 0}
    - target: {fileID: 400000, guid: ada9fade606cd9b409cade7b636af033, type: 3}
      propertyPath: m_LocalPosition.z
      value: -0.278
      objectReference: {fileID: 0}
    - target: {fileID: 400000, guid: ada9fade606cd9b409cade7b636af033, type: 3}
      propertyPath: m_LocalRotation.x
      value: -0
      objectReference: {fileID: 0}
    - target: {fileID: 400000, guid: ada9fade606cd9b409cade7b636af033, type: 3}
      propertyPath: m_LocalRotation.y
      value: 0.26601118
      objectReference: {fileID: 0}
    - target: {fileID: 400000, guid: ada9fade606cd9b409cade7b636af033, type: 3}
      propertyPath: m_LocalRotation.z
      value: -0
      objectReference: {fileID: 0}
    - target: {fileID: 400000, guid: ada9fade606cd9b409cade7b636af033, type: 3}
      propertyPath: m_LocalRotation.w
      value: 0.96396995
      objectReference: {fileID: 0}
    - target: {fileID: 400000, guid: ada9fade606cd9b409cade7b636af033, type: 3}
      propertyPath: m_RootOrder
      value: 3
      objectReference: {fileID: 0}
    - target: {fileID: 400000, guid: ada9fade606cd9b409cade7b636af033, type: 3}
      propertyPath: m_LocalEulerAnglesHint.x
      value: 0
      objectReference: {fileID: 0}
    - target: {fileID: 400000, guid: ada9fade606cd9b409cade7b636af033, type: 3}
      propertyPath: m_LocalEulerAnglesHint.y
      value: 30.854002
      objectReference: {fileID: 0}
    - target: {fileID: 400000, guid: ada9fade606cd9b409cade7b636af033, type: 3}
      propertyPath: m_LocalEulerAnglesHint.z
      value: 0
      objectReference: {fileID: 0}
    m_RemovedComponents: []
  m_SourcePrefab: {fileID: 100100000, guid: ada9fade606cd9b409cade7b636af033, type: 3}
--- !u!4 &252373902060866913 stripped
Transform:
  m_CorrespondingSourceObject: {fileID: 400000, guid: ada9fade606cd9b409cade7b636af033,
    type: 3}
  m_PrefabInstance: {fileID: 252373902061000673}
  m_PrefabAsset: {fileID: 0}
--- !u!1001 &773140740015941967
PrefabInstance:
  m_ObjectHideFlags: 0
  serializedVersion: 2
  m_Modification:
    m_TransformParent: {fileID: 615333793867234710}
    m_Modifications:
    - target: {fileID: 100000, guid: 8b003594f69230145b3f291ec227f125, type: 3}
      propertyPath: m_Name
      value: logs_stack
      objectReference: {fileID: 0}
    - target: {fileID: 400000, guid: 8b003594f69230145b3f291ec227f125, type: 3}
      propertyPath: m_LocalPosition.x
      value: 0.314
      objectReference: {fileID: 0}
    - target: {fileID: 400000, guid: 8b003594f69230145b3f291ec227f125, type: 3}
      propertyPath: m_LocalPosition.y
      value: 0.1
      objectReference: {fileID: 0}
    - target: {fileID: 400000, guid: 8b003594f69230145b3f291ec227f125, type: 3}
      propertyPath: m_LocalPosition.z
      value: 0.214
      objectReference: {fileID: 0}
    - target: {fileID: 400000, guid: 8b003594f69230145b3f291ec227f125, type: 3}
      propertyPath: m_LocalRotation.x
      value: -0
      objectReference: {fileID: 0}
    - target: {fileID: 400000, guid: 8b003594f69230145b3f291ec227f125, type: 3}
      propertyPath: m_LocalRotation.y
      value: -0
      objectReference: {fileID: 0}
    - target: {fileID: 400000, guid: 8b003594f69230145b3f291ec227f125, type: 3}
      propertyPath: m_LocalRotation.z
      value: -0
      objectReference: {fileID: 0}
    - target: {fileID: 400000, guid: 8b003594f69230145b3f291ec227f125, type: 3}
      propertyPath: m_LocalRotation.w
      value: 1
      objectReference: {fileID: 0}
    - target: {fileID: 400000, guid: 8b003594f69230145b3f291ec227f125, type: 3}
      propertyPath: m_RootOrder
      value: 7
      objectReference: {fileID: 0}
    - target: {fileID: 400000, guid: 8b003594f69230145b3f291ec227f125, type: 3}
      propertyPath: m_LocalEulerAnglesHint.x
      value: 0
      objectReference: {fileID: 0}
    - target: {fileID: 400000, guid: 8b003594f69230145b3f291ec227f125, type: 3}
      propertyPath: m_LocalEulerAnglesHint.y
      value: 0
      objectReference: {fileID: 0}
    - target: {fileID: 400000, guid: 8b003594f69230145b3f291ec227f125, type: 3}
      propertyPath: m_LocalEulerAnglesHint.z
      value: 0
      objectReference: {fileID: 0}
    m_RemovedComponents: []
  m_SourcePrefab: {fileID: 100100000, guid: 8b003594f69230145b3f291ec227f125, type: 3}
--- !u!4 &773140740016337871 stripped
Transform:
  m_CorrespondingSourceObject: {fileID: 400000, guid: 8b003594f69230145b3f291ec227f125,
    type: 3}
  m_PrefabInstance: {fileID: 773140740015941967}
  m_PrefabAsset: {fileID: 0}
--- !u!1001 &1409050869654681707
PrefabInstance:
  m_ObjectHideFlags: 0
  serializedVersion: 2
  m_Modification:
    m_TransformParent: {fileID: 615333793867234710}
    m_Modifications:
    - target: {fileID: 100000, guid: ada9fade606cd9b409cade7b636af033, type: 3}
      propertyPath: m_Name
      value: grass_dense
      objectReference: {fileID: 0}
    - target: {fileID: 400000, guid: ada9fade606cd9b409cade7b636af033, type: 3}
      propertyPath: m_LocalPosition.x
      value: -0.097
      objectReference: {fileID: 0}
    - target: {fileID: 400000, guid: ada9fade606cd9b409cade7b636af033, type: 3}
      propertyPath: m_LocalPosition.y
      value: 0.1
      objectReference: {fileID: 0}
    - target: {fileID: 400000, guid: ada9fade606cd9b409cade7b636af033, type: 3}
      propertyPath: m_LocalPosition.z
      value: -0.209
      objectReference: {fileID: 0}
    - target: {fileID: 400000, guid: ada9fade606cd9b409cade7b636af033, type: 3}
      propertyPath: m_LocalRotation.x
      value: -0
      objectReference: {fileID: 0}
    - target: {fileID: 400000, guid: ada9fade606cd9b409cade7b636af033, type: 3}
      propertyPath: m_LocalRotation.y
      value: 0.049830094
      objectReference: {fileID: 0}
    - target: {fileID: 400000, guid: ada9fade606cd9b409cade7b636af033, type: 3}
      propertyPath: m_LocalRotation.z
      value: -0
      objectReference: {fileID: 0}
    - target: {fileID: 400000, guid: ada9fade606cd9b409cade7b636af033, type: 3}
      propertyPath: m_LocalRotation.w
      value: 0.9987577
      objectReference: {fileID: 0}
    - target: {fileID: 400000, guid: ada9fade606cd9b409cade7b636af033, type: 3}
      propertyPath: m_RootOrder
      value: 4
      objectReference: {fileID: 0}
    - target: {fileID: 400000, guid: ada9fade606cd9b409cade7b636af033, type: 3}
      propertyPath: m_LocalEulerAnglesHint.x
      value: 0
      objectReference: {fileID: 0}
    - target: {fileID: 400000, guid: ada9fade606cd9b409cade7b636af033, type: 3}
      propertyPath: m_LocalEulerAnglesHint.y
      value: 5.7120004
      objectReference: {fileID: 0}
    - target: {fileID: 400000, guid: ada9fade606cd9b409cade7b636af033, type: 3}
      propertyPath: m_LocalEulerAnglesHint.z
      value: 0
      objectReference: {fileID: 0}
    m_RemovedComponents: []
  m_SourcePrefab: {fileID: 100100000, guid: ada9fade606cd9b409cade7b636af033, type: 3}
--- !u!4 &1409050869655069419 stripped
Transform:
  m_CorrespondingSourceObject: {fileID: 400000, guid: ada9fade606cd9b409cade7b636af033,
    type: 3}
  m_PrefabInstance: {fileID: 1409050869654681707}
  m_PrefabAsset: {fileID: 0}
--- !u!1001 &3561423790964037363
PrefabInstance:
  m_ObjectHideFlags: 0
  serializedVersion: 2
  m_Modification:
    m_TransformParent: {fileID: 615333793867234710}
    m_Modifications:
    - target: {fileID: 100000, guid: c9687cc942ce2b7418eb67503f59235d, type: 3}
      propertyPath: m_Name
      value: fence
      objectReference: {fileID: 0}
    - target: {fileID: 400000, guid: c9687cc942ce2b7418eb67503f59235d, type: 3}
      propertyPath: m_LocalPosition.x
      value: -0.26
      objectReference: {fileID: 0}
    - target: {fileID: 400000, guid: c9687cc942ce2b7418eb67503f59235d, type: 3}
      propertyPath: m_LocalPosition.y
      value: 0.1
      objectReference: {fileID: 0}
    - target: {fileID: 400000, guid: c9687cc942ce2b7418eb67503f59235d, type: 3}
      propertyPath: m_LocalPosition.z
      value: 0
      objectReference: {fileID: 0}
    - target: {fileID: 400000, guid: c9687cc942ce2b7418eb67503f59235d, type: 3}
      propertyPath: m_LocalRotation.x
      value: -0
      objectReference: {fileID: 0}
    - target: {fileID: 400000, guid: c9687cc942ce2b7418eb67503f59235d, type: 3}
      propertyPath: m_LocalRotation.y
      value: -0.36037645
      objectReference: {fileID: 0}
    - target: {fileID: 400000, guid: c9687cc942ce2b7418eb67503f59235d, type: 3}
      propertyPath: m_LocalRotation.z
      value: -0
      objectReference: {fileID: 0}
    - target: {fileID: 400000, guid: c9687cc942ce2b7418eb67503f59235d, type: 3}
      propertyPath: m_LocalRotation.w
      value: 0.93280697
      objectReference: {fileID: 0}
    - target: {fileID: 400000, guid: c9687cc942ce2b7418eb67503f59235d, type: 3}
      propertyPath: m_RootOrder
      value: 0
      objectReference: {fileID: 0}
    - target: {fileID: 400000, guid: c9687cc942ce2b7418eb67503f59235d, type: 3}
      propertyPath: m_LocalEulerAnglesHint.x
      value: 0
      objectReference: {fileID: 0}
    - target: {fileID: 400000, guid: c9687cc942ce2b7418eb67503f59235d, type: 3}
      propertyPath: m_LocalEulerAnglesHint.y
      value: -42.247
      objectReference: {fileID: 0}
    - target: {fileID: 400000, guid: c9687cc942ce2b7418eb67503f59235d, type: 3}
      propertyPath: m_LocalEulerAnglesHint.z
      value: 0
      objectReference: {fileID: 0}
    m_RemovedComponents: []
  m_SourcePrefab: {fileID: 100100000, guid: c9687cc942ce2b7418eb67503f59235d, type: 3}
--- !u!4 &3561423790964427891 stripped
Transform:
  m_CorrespondingSourceObject: {fileID: 400000, guid: c9687cc942ce2b7418eb67503f59235d,
    type: 3}
  m_PrefabInstance: {fileID: 3561423790964037363}
  m_PrefabAsset: {fileID: 0}
--- !u!1001 &5803361657357780098
PrefabInstance:
  m_ObjectHideFlags: 0
  serializedVersion: 2
  m_Modification:
    m_TransformParent: {fileID: 615333793867234710}
    m_Modifications:
    - target: {fileID: 100000, guid: ada9fade606cd9b409cade7b636af033, type: 3}
      propertyPath: m_Name
      value: grass_dense
      objectReference: {fileID: 0}
    - target: {fileID: 400000, guid: ada9fade606cd9b409cade7b636af033, type: 3}
      propertyPath: m_LocalPosition.x
      value: 0.071
      objectReference: {fileID: 0}
    - target: {fileID: 400000, guid: ada9fade606cd9b409cade7b636af033, type: 3}
      propertyPath: m_LocalPosition.y
      value: 0.1
      objectReference: {fileID: 0}
    - target: {fileID: 400000, guid: ada9fade606cd9b409cade7b636af033, type: 3}
      propertyPath: m_LocalPosition.z
      value: 0.057
      objectReference: {fileID: 0}
    - target: {fileID: 400000, guid: ada9fade606cd9b409cade7b636af033, type: 3}
      propertyPath: m_LocalRotation.x
      value: -0
      objectReference: {fileID: 0}
    - target: {fileID: 400000, guid: ada9fade606cd9b409cade7b636af033, type: 3}
      propertyPath: m_LocalRotation.y
      value: -0.808825
      objectReference: {fileID: 0}
    - target: {fileID: 400000, guid: ada9fade606cd9b409cade7b636af033, type: 3}
      propertyPath: m_LocalRotation.z
      value: -0
      objectReference: {fileID: 0}
    - target: {fileID: 400000, guid: ada9fade606cd9b409cade7b636af033, type: 3}
      propertyPath: m_LocalRotation.w
      value: 0.5880495
      objectReference: {fileID: 0}
    - target: {fileID: 400000, guid: ada9fade606cd9b409cade7b636af033, type: 3}
      propertyPath: m_RootOrder
      value: 2
      objectReference: {fileID: 0}
    - target: {fileID: 400000, guid: ada9fade606cd9b409cade7b636af033, type: 3}
      propertyPath: m_LocalEulerAnglesHint.x
      value: 0
      objectReference: {fileID: 0}
    - target: {fileID: 400000, guid: ada9fade606cd9b409cade7b636af033, type: 3}
      propertyPath: m_LocalEulerAnglesHint.y
      value: -107.963005
      objectReference: {fileID: 0}
    - target: {fileID: 400000, guid: ada9fade606cd9b409cade7b636af033, type: 3}
      propertyPath: m_LocalEulerAnglesHint.z
      value: 0
      objectReference: {fileID: 0}
    m_RemovedComponents: []
  m_SourcePrefab: {fileID: 100100000, guid: ada9fade606cd9b409cade7b636af033, type: 3}
--- !u!4 &5803361657357393410 stripped
Transform:
  m_CorrespondingSourceObject: {fileID: 400000, guid: ada9fade606cd9b409cade7b636af033,
    type: 3}
  m_PrefabInstance: {fileID: 5803361657357780098}
  m_PrefabAsset: {fileID: 0}
--- !u!1001 &7317783388728926721
PrefabInstance:
  m_ObjectHideFlags: 0
  serializedVersion: 2
  m_Modification:
    m_TransformParent: {fileID: 615333793867234710}
    m_Modifications:
    - target: {fileID: 100000, guid: ada9fade606cd9b409cade7b636af033, type: 3}
      propertyPath: m_Name
      value: grass_dense
      objectReference: {fileID: 0}
    - target: {fileID: 400000, guid: ada9fade606cd9b409cade7b636af033, type: 3}
      propertyPath: m_LocalPosition.x
      value: -0.282
      objectReference: {fileID: 0}
    - target: {fileID: 400000, guid: ada9fade606cd9b409cade7b636af033, type: 3}
      propertyPath: m_LocalPosition.y
      value: 0.1
      objectReference: {fileID: 0}
    - target: {fileID: 400000, guid: ada9fade606cd9b409cade7b636af033, type: 3}
      propertyPath: m_LocalPosition.z
      value: -0.271
      objectReference: {fileID: 0}
    - target: {fileID: 400000, guid: ada9fade606cd9b409cade7b636af033, type: 3}
      propertyPath: m_LocalRotation.x
      value: -0
      objectReference: {fileID: 0}
    - target: {fileID: 400000, guid: ada9fade606cd9b409cade7b636af033, type: 3}
      propertyPath: m_LocalRotation.y
      value: -0.95021904
      objectReference: {fileID: 0}
    - target: {fileID: 400000, guid: ada9fade606cd9b409cade7b636af033, type: 3}
      propertyPath: m_LocalRotation.z
      value: -0
      objectReference: {fileID: 0}
    - target: {fileID: 400000, guid: ada9fade606cd9b409cade7b636af033, type: 3}
      propertyPath: m_LocalRotation.w
      value: 0.3115829
      objectReference: {fileID: 0}
    - target: {fileID: 400000, guid: ada9fade606cd9b409cade7b636af033, type: 3}
      propertyPath: m_RootOrder
      value: 1
      objectReference: {fileID: 0}
    - target: {fileID: 400000, guid: ada9fade606cd9b409cade7b636af033, type: 3}
      propertyPath: m_LocalEulerAnglesHint.x
      value: 0
      objectReference: {fileID: 0}
    - target: {fileID: 400000, guid: ada9fade606cd9b409cade7b636af033, type: 3}
      propertyPath: m_LocalEulerAnglesHint.y
      value: -143.69101
      objectReference: {fileID: 0}
    - target: {fileID: 400000, guid: ada9fade606cd9b409cade7b636af033, type: 3}
      propertyPath: m_LocalEulerAnglesHint.z
      value: 0
      objectReference: {fileID: 0}
    m_RemovedComponents: []
  m_SourcePrefab: {fileID: 100100000, guid: ada9fade606cd9b409cade7b636af033, type: 3}
--- !u!4 &7317783388729325697 stripped
Transform:
  m_CorrespondingSourceObject: {fileID: 400000, guid: ada9fade606cd9b409cade7b636af033,
    type: 3}
  m_PrefabInstance: {fileID: 7317783388728926721}
  m_PrefabAsset: {fileID: 0}
--- !u!1001 &7735719724207660367
PrefabInstance:
  m_ObjectHideFlags: 0
  serializedVersion: 2
  m_Modification:
    m_TransformParent: {fileID: 615333793867234710}
    m_Modifications:
    - target: {fileID: 100000, guid: 912164a76b3be5444851e7c19cec1393, type: 3}
      propertyPath: m_Name
      value: rock_small6
      objectReference: {fileID: 0}
    - target: {fileID: 400000, guid: 912164a76b3be5444851e7c19cec1393, type: 3}
      propertyPath: m_LocalPosition.x
      value: -0.2464689
      objectReference: {fileID: 0}
    - target: {fileID: 400000, guid: 912164a76b3be5444851e7c19cec1393, type: 3}
      propertyPath: m_LocalPosition.y
      value: 0.1
      objectReference: {fileID: 0}
    - target: {fileID: 400000, guid: 912164a76b3be5444851e7c19cec1393, type: 3}
      propertyPath: m_LocalPosition.z
      value: 0.3082129
      objectReference: {fileID: 0}
    - target: {fileID: 400000, guid: 912164a76b3be5444851e7c19cec1393, type: 3}
      propertyPath: m_LocalRotation.x
      value: -0
      objectReference: {fileID: 0}
    - target: {fileID: 400000, guid: 912164a76b3be5444851e7c19cec1393, type: 3}
      propertyPath: m_LocalRotation.y
      value: -0
      objectReference: {fileID: 0}
    - target: {fileID: 400000, guid: 912164a76b3be5444851e7c19cec1393, type: 3}
      propertyPath: m_LocalRotation.z
      value: -0
      objectReference: {fileID: 0}
    - target: {fileID: 400000, guid: 912164a76b3be5444851e7c19cec1393, type: 3}
      propertyPath: m_LocalRotation.w
      value: 1
      objectReference: {fileID: 0}
    - target: {fileID: 400000, guid: 912164a76b3be5444851e7c19cec1393, type: 3}
      propertyPath: m_RootOrder
      value: 5
      objectReference: {fileID: 0}
    - target: {fileID: 400000, guid: 912164a76b3be5444851e7c19cec1393, type: 3}
      propertyPath: m_LocalEulerAnglesHint.x
      value: 0
      objectReference: {fileID: 0}
    - target: {fileID: 400000, guid: 912164a76b3be5444851e7c19cec1393, type: 3}
      propertyPath: m_LocalEulerAnglesHint.y
      value: 0
      objectReference: {fileID: 0}
    - target: {fileID: 400000, guid: 912164a76b3be5444851e7c19cec1393, type: 3}
      propertyPath: m_LocalEulerAnglesHint.z
      value: 0
      objectReference: {fileID: 0}
    m_RemovedComponents: []
  m_SourcePrefab: {fileID: 100100000, guid: 912164a76b3be5444851e7c19cec1393, type: 3}
--- !u!4 &7735719724208048079 stripped
Transform:
  m_CorrespondingSourceObject: {fileID: 400000, guid: 912164a76b3be5444851e7c19cec1393,
    type: 3}
  m_PrefabInstance: {fileID: 7735719724207660367}
  m_PrefabAsset: {fileID: 0}
--- !u!1001 &9201688547984319174
PrefabInstance:
  m_ObjectHideFlags: 0
  serializedVersion: 2
  m_Modification:
    m_TransformParent: {fileID: 615333793867234710}
    m_Modifications:
    - target: {fileID: 100000, guid: 77439c442530204449c3a58dd48f663d, type: 3}
      propertyPath: m_Name
      value: tree_pine_short
      objectReference: {fileID: 0}
    - target: {fileID: 400000, guid: 77439c442530204449c3a58dd48f663d, type: 3}
      propertyPath: m_LocalPosition.x
      value: 0.127
      objectReference: {fileID: 0}
    - target: {fileID: 400000, guid: 77439c442530204449c3a58dd48f663d, type: 3}
      propertyPath: m_LocalPosition.y
      value: 0.1
      objectReference: {fileID: 0}
    - target: {fileID: 400000, guid: 77439c442530204449c3a58dd48f663d, type: 3}
      propertyPath: m_LocalPosition.z
      value: -0.2
      objectReference: {fileID: 0}
    - target: {fileID: 400000, guid: 77439c442530204449c3a58dd48f663d, type: 3}
      propertyPath: m_LocalRotation.x
      value: -0
      objectReference: {fileID: 0}
    - target: {fileID: 400000, guid: 77439c442530204449c3a58dd48f663d, type: 3}
      propertyPath: m_LocalRotation.y
      value: -0
      objectReference: {fileID: 0}
    - target: {fileID: 400000, guid: 77439c442530204449c3a58dd48f663d, type: 3}
      propertyPath: m_LocalRotation.z
      value: -0
      objectReference: {fileID: 0}
    - target: {fileID: 400000, guid: 77439c442530204449c3a58dd48f663d, type: 3}
      propertyPath: m_LocalRotation.w
      value: 1
      objectReference: {fileID: 0}
    - target: {fileID: 400000, guid: 77439c442530204449c3a58dd48f663d, type: 3}
      propertyPath: m_RootOrder
      value: 6
      objectReference: {fileID: 0}
    - target: {fileID: 400000, guid: 77439c442530204449c3a58dd48f663d, type: 3}
      propertyPath: m_LocalEulerAnglesHint.x
      value: 0
      objectReference: {fileID: 0}
    - target: {fileID: 400000, guid: 77439c442530204449c3a58dd48f663d, type: 3}
      propertyPath: m_LocalEulerAnglesHint.y
      value: 0
      objectReference: {fileID: 0}
    - target: {fileID: 400000, guid: 77439c442530204449c3a58dd48f663d, type: 3}
      propertyPath: m_LocalEulerAnglesHint.z
      value: 0
      objectReference: {fileID: 0}
    m_RemovedComponents: []
  m_SourcePrefab: {fileID: 100100000, guid: 77439c442530204449c3a58dd48f663d, type: 3}
--- !u!4 &9201688547984455750 stripped
Transform:
  m_CorrespondingSourceObject: {fileID: 400000, guid: 77439c442530204449c3a58dd48f663d,
    type: 3}
  m_PrefabInstance: {fileID: 9201688547984319174}
  m_PrefabAsset: {fileID: 0}
