%YAML 1.1
%TAG !u! tag:unity3d.com,2011:
--- !u!1 &2778105366328608327
GameObject:
  m_ObjectHideFlags: 0
  m_CorrespondingSourceObject: {fileID: 0}
  m_PrefabInstance: {fileID: 0}
  m_PrefabAsset: {fileID: 0}
  serializedVersion: 6
  m_Component:
  - component: {fileID: 2778105366328608379}
  m_Layer: 8
  m_Name: Tower - Double Connector (Straight) - Stone
  m_TagString: Building
  m_Icon: {fileID: 0}
  m_NavMeshLayer: 0
  m_StaticEditorFlags: 0
  m_IsActive: 1
--- !u!4 &2778105366328608379
Transform:
  m_ObjectHideFlags: 0
  m_CorrespondingSourceObject: {fileID: 0}
  m_PrefabInstance: {fileID: 0}
  m_PrefabAsset: {fileID: 0}
  m_GameObject: {fileID: 2778105366328608327}
  m_LocalRotation: {x: 0, y: 0, z: 0, w: 1}
  m_LocalPosition: {x: 0, y: 0.5, z: 0}
  m_LocalScale: {x: 0.5, y: 1, z: 0.5}
  m_Children:
  - {fileID: 4226324479912665071}
  - {fileID: 5460326464777198126}
  - {fileID: 6253258707134891811}
  m_Father: {fileID: 0}
  m_RootOrder: 0
  m_LocalEulerAnglesHint: {x: 0, y: 0, z: 0}
--- !u!64 &8962624083954339773
MeshCollider:
  m_ObjectHideFlags: 0
  m_CorrespondingSourceObject: {fileID: 0}
  m_PrefabInstance: {fileID: 0}
  m_PrefabAsset: {fileID: 0}
  m_GameObject: {fileID: 4226324479912756175}
  m_Material: {fileID: 0}
  m_IsTrigger: 0
  m_Enabled: 1
  serializedVersion: 3
  m_Convex: 0
  m_CookingOptions: 14
  m_Mesh: {fileID: 4300000, guid: 8e0ce39b05979284ea1879fc67b71a12, type: 3}
--- !u!64 &1248500839091032376
MeshCollider:
  m_ObjectHideFlags: 0
  m_CorrespondingSourceObject: {fileID: 0}
  m_PrefabInstance: {fileID: 0}
  m_PrefabAsset: {fileID: 0}
  m_GameObject: {fileID: 5460326464776963598}
  m_Material: {fileID: 0}
  m_IsTrigger: 0
  m_Enabled: 1
  serializedVersion: 3
  m_Convex: 0
  m_CookingOptions: 14
  m_Mesh: {fileID: 4300000, guid: 3ac720105399d0549bd1ec6bc50c0123, type: 3}
--- !u!64 &451597518399802014
MeshCollider:
  m_ObjectHideFlags: 0
  m_CorrespondingSourceObject: {fileID: 0}
  m_PrefabInstance: {fileID: 0}
  m_PrefabAsset: {fileID: 0}
  m_GameObject: {fileID: 6253258707134798595}
  m_Material: {fileID: 0}
  m_IsTrigger: 0
  m_Enabled: 1
  serializedVersion: 3
  m_Convex: 0
  m_CookingOptions: 14
  m_Mesh: {fileID: 4300000, guid: 3ac720105399d0549bd1ec6bc50c0123, type: 3}
--- !u!1001 &4226324479912789359
PrefabInstance:
  m_ObjectHideFlags: 0
  serializedVersion: 2
  m_Modification:
    m_TransformParent: {fileID: 2778105366328608379}
    m_Modifications:
    - target: {fileID: 100000, guid: 8e0ce39b05979284ea1879fc67b71a12, type: 3}
      propertyPath: m_Name
      value: towerSquare
      objectReference: {fileID: 0}
    - target: {fileID: 100000, guid: 8e0ce39b05979284ea1879fc67b71a12, type: 3}
      propertyPath: m_Layer
      value: 8
      objectReference: {fileID: 0}
    - target: {fileID: 100000, guid: 8e0ce39b05979284ea1879fc67b71a12, type: 3}
      propertyPath: m_TagString
      value: Building
      objectReference: {fileID: 0}
    - target: {fileID: 400000, guid: 8e0ce39b05979284ea1879fc67b71a12, type: 3}
      propertyPath: m_LocalPosition.x
      value: -0.5
      objectReference: {fileID: 0}
    - target: {fileID: 400000, guid: 8e0ce39b05979284ea1879fc67b71a12, type: 3}
      propertyPath: m_LocalPosition.y
      value: -0.5
      objectReference: {fileID: 0}
    - target: {fileID: 400000, guid: 8e0ce39b05979284ea1879fc67b71a12, type: 3}
      propertyPath: m_LocalPosition.z
      value: -0.5
      objectReference: {fileID: 0}
    - target: {fileID: 400000, guid: 8e0ce39b05979284ea1879fc67b71a12, type: 3}
      propertyPath: m_LocalRotation.x
      value: 0
      objectReference: {fileID: 0}
    - target: {fileID: 400000, guid: 8e0ce39b05979284ea1879fc67b71a12, type: 3}
      propertyPath: m_LocalRotation.y
      value: -0
      objectReference: {fileID: 0}
    - target: {fileID: 400000, guid: 8e0ce39b05979284ea1879fc67b71a12, type: 3}
      propertyPath: m_LocalRotation.z
      value: -0
      objectReference: {fileID: 0}
    - target: {fileID: 400000, guid: 8e0ce39b05979284ea1879fc67b71a12, type: 3}
      propertyPath: m_LocalRotation.w
      value: 1
      objectReference: {fileID: 0}
    - target: {fileID: 400000, guid: 8e0ce39b05979284ea1879fc67b71a12, type: 3}
      propertyPath: m_RootOrder
      value: 0
      objectReference: {fileID: 0}
    - target: {fileID: 400000, guid: 8e0ce39b05979284ea1879fc67b71a12, type: 3}
      propertyPath: m_LocalEulerAnglesHint.x
      value: 0
      objectReference: {fileID: 0}
    - target: {fileID: 400000, guid: 8e0ce39b05979284ea1879fc67b71a12, type: 3}
      propertyPath: m_LocalEulerAnglesHint.y
      value: 0
      objectReference: {fileID: 0}
    - target: {fileID: 400000, guid: 8e0ce39b05979284ea1879fc67b71a12, type: 3}
      propertyPath: m_LocalEulerAnglesHint.z
      value: 0
      objectReference: {fileID: 0}
    m_RemovedComponents: []
  m_SourcePrefab: {fileID: 100100000, guid: 8e0ce39b05979284ea1879fc67b71a12, type: 3}
--- !u!1 &4226324479912756175 stripped
GameObject:
  m_CorrespondingSourceObject: {fileID: 100000, guid: 8e0ce39b05979284ea1879fc67b71a12,
    type: 3}
  m_PrefabInstance: {fileID: 4226324479912789359}
  m_PrefabAsset: {fileID: 0}
--- !u!4 &4226324479912665071 stripped
Transform:
  m_CorrespondingSourceObject: {fileID: 400000, guid: 8e0ce39b05979284ea1879fc67b71a12,
    type: 3}
  m_PrefabInstance: {fileID: 4226324479912789359}
  m_PrefabAsset: {fileID: 0}
--- !u!1001 &5460326464777060526
PrefabInstance:
  m_ObjectHideFlags: 0
  serializedVersion: 2
  m_Modification:
    m_TransformParent: {fileID: 2778105366328608379}
    m_Modifications:
    - target: {fileID: 100000, guid: 3ac720105399d0549bd1ec6bc50c0123, type: 3}
      propertyPath: m_Name
      value: wall 1
      objectReference: {fileID: 0}
    - target: {fileID: 100000, guid: 3ac720105399d0549bd1ec6bc50c0123, type: 3}
      propertyPath: m_Layer
      value: 8
      objectReference: {fileID: 0}
    - target: {fileID: 100000, guid: 3ac720105399d0549bd1ec6bc50c0123, type: 3}
      propertyPath: m_TagString
      value: Building
      objectReference: {fileID: 0}
    - target: {fileID: 400000, guid: 3ac720105399d0549bd1ec6bc50c0123, type: 3}
      propertyPath: m_LocalPosition.x
      value: 0.25
      objectReference: {fileID: 0}
    - target: {fileID: 400000, guid: 3ac720105399d0549bd1ec6bc50c0123, type: 3}
      propertyPath: m_LocalPosition.y
      value: -0.5
      objectReference: {fileID: 0}
    - target: {fileID: 400000, guid: 3ac720105399d0549bd1ec6bc50c0123, type: 3}
      propertyPath: m_LocalPosition.z
      value: 1
      objectReference: {fileID: 0}
    - target: {fileID: 400000, guid: 3ac720105399d0549bd1ec6bc50c0123, type: 3}
      propertyPath: m_LocalRotation.x
      value: -6.123234e-17
      objectReference: {fileID: 0}
    - target: {fileID: 400000, guid: 3ac720105399d0549bd1ec6bc50c0123, type: 3}
      propertyPath: m_LocalRotation.y
      value: 1
      objectReference: {fileID: 0}
    - target: {fileID: 400000, guid: 3ac720105399d0549bd1ec6bc50c0123, type: 3}
      propertyPath: m_LocalRotation.z
      value: 6.123234e-17
      objectReference: {fileID: 0}
    - target: {fileID: 400000, guid: 3ac720105399d0549bd1ec6bc50c0123, type: 3}
      propertyPath: m_LocalRotation.w
      value: 6.123234e-17
      objectReference: {fileID: 0}
    - target: {fileID: 400000, guid: 3ac720105399d0549bd1ec6bc50c0123, type: 3}
      propertyPath: m_RootOrder
      value: 1
      objectReference: {fileID: 0}
    - target: {fileID: 400000, guid: 3ac720105399d0549bd1ec6bc50c0123, type: 3}
      propertyPath: m_LocalEulerAnglesHint.x
      value: 0
      objectReference: {fileID: 0}
    - target: {fileID: 400000, guid: 3ac720105399d0549bd1ec6bc50c0123, type: 3}
      propertyPath: m_LocalEulerAnglesHint.y
      value: 0
      objectReference: {fileID: 0}
    - target: {fileID: 400000, guid: 3ac720105399d0549bd1ec6bc50c0123, type: 3}
      propertyPath: m_LocalEulerAnglesHint.z
      value: 0
      objectReference: {fileID: 0}
    - target: {fileID: 400000, guid: 3ac720105399d0549bd1ec6bc50c0123, type: 3}
      propertyPath: m_LocalScale.x
      value: 0.5
      objectReference: {fileID: 0}
    - target: {fileID: 400000, guid: 3ac720105399d0549bd1ec6bc50c0123, type: 3}
      propertyPath: m_LocalScale.y
      value: 0.6
      objectReference: {fileID: 0}
    - target: {fileID: 400000, guid: 3ac720105399d0549bd1ec6bc50c0123, type: 3}
      propertyPath: m_LocalScale.z
      value: 0.5
      objectReference: {fileID: 0}
    m_RemovedComponents: []
  m_SourcePrefab: {fileID: 100100000, guid: 3ac720105399d0549bd1ec6bc50c0123, type: 3}
--- !u!1 &5460326464776963598 stripped
GameObject:
  m_CorrespondingSourceObject: {fileID: 100000, guid: 3ac720105399d0549bd1ec6bc50c0123,
    type: 3}
  m_PrefabInstance: {fileID: 5460326464777060526}
  m_PrefabAsset: {fileID: 0}
--- !u!4 &5460326464777198126 stripped
Transform:
  m_CorrespondingSourceObject: {fileID: 400000, guid: 3ac720105399d0549bd1ec6bc50c0123,
    type: 3}
  m_PrefabInstance: {fileID: 5460326464777060526}
  m_PrefabAsset: {fileID: 0}
--- !u!1001 &6253258707134766499
PrefabInstance:
  m_ObjectHideFlags: 0
  serializedVersion: 2
  m_Modification:
    m_TransformParent: {fileID: 2778105366328608379}
    m_Modifications:
    - target: {fileID: 100000, guid: 3ac720105399d0549bd1ec6bc50c0123, type: 3}
      propertyPath: m_Name
      value: wall 2
      objectReference: {fileID: 0}
    - target: {fileID: 100000, guid: 3ac720105399d0549bd1ec6bc50c0123, type: 3}
      propertyPath: m_Layer
      value: 8
      objectReference: {fileID: 0}
    - target: {fileID: 100000, guid: 3ac720105399d0549bd1ec6bc50c0123, type: 3}
      propertyPath: m_TagString
      value: Building
      objectReference: {fileID: 0}
    - target: {fileID: 400000, guid: 3ac720105399d0549bd1ec6bc50c0123, type: 3}
      propertyPath: m_LocalPosition.x
      value: 0.25
      objectReference: {fileID: 0}
    - target: {fileID: 400000, guid: 3ac720105399d0549bd1ec6bc50c0123, type: 3}
      propertyPath: m_LocalPosition.y
      value: -0.5
      objectReference: {fileID: 0}
    - target: {fileID: 400000, guid: 3ac720105399d0549bd1ec6bc50c0123, type: 3}
      propertyPath: m_LocalPosition.z
      value: -0.5
      objectReference: {fileID: 0}
    - target: {fileID: 400000, guid: 3ac720105399d0549bd1ec6bc50c0123, type: 3}
      propertyPath: m_LocalRotation.x
      value: -6.123234e-17
      objectReference: {fileID: 0}
    - target: {fileID: 400000, guid: 3ac720105399d0549bd1ec6bc50c0123, type: 3}
      propertyPath: m_LocalRotation.y
      value: 1
      objectReference: {fileID: 0}
    - target: {fileID: 400000, guid: 3ac720105399d0549bd1ec6bc50c0123, type: 3}
      propertyPath: m_LocalRotation.z
      value: 6.123234e-17
      objectReference: {fileID: 0}
    - target: {fileID: 400000, guid: 3ac720105399d0549bd1ec6bc50c0123, type: 3}
      propertyPath: m_LocalRotation.w
      value: 6.123234e-17
      objectReference: {fileID: 0}
    - target: {fileID: 400000, guid: 3ac720105399d0549bd1ec6bc50c0123, type: 3}
      propertyPath: m_RootOrder
      value: 2
      objectReference: {fileID: 0}
    - target: {fileID: 400000, guid: 3ac720105399d0549bd1ec6bc50c0123, type: 3}
      propertyPath: m_LocalEulerAnglesHint.x
      value: 0
      objectReference: {fileID: 0}
    - target: {fileID: 400000, guid: 3ac720105399d0549bd1ec6bc50c0123, type: 3}
      propertyPath: m_LocalEulerAnglesHint.y
      value: 0
      objectReference: {fileID: 0}
    - target: {fileID: 400000, guid: 3ac720105399d0549bd1ec6bc50c0123, type: 3}
      propertyPath: m_LocalEulerAnglesHint.z
      value: 0
      objectReference: {fileID: 0}
    - target: {fileID: 400000, guid: 3ac720105399d0549bd1ec6bc50c0123, type: 3}
      propertyPath: m_LocalScale.x
      value: 0.5
      objectReference: {fileID: 0}
    - target: {fileID: 400000, guid: 3ac720105399d0549bd1ec6bc50c0123, type: 3}
      propertyPath: m_LocalScale.y
      value: 0.6
      objectReference: {fileID: 0}
    - target: {fileID: 400000, guid: 3ac720105399d0549bd1ec6bc50c0123, type: 3}
      propertyPath: m_LocalScale.z
      value: 0.5
      objectReference: {fileID: 0}
    m_RemovedComponents: []
  m_SourcePrefab: {fileID: 100100000, guid: 3ac720105399d0549bd1ec6bc50c0123, type: 3}
--- !u!1 &6253258707134798595 stripped
GameObject:
  m_CorrespondingSourceObject: {fileID: 100000, guid: 3ac720105399d0549bd1ec6bc50c0123,
    type: 3}
  m_PrefabInstance: {fileID: 6253258707134766499}
  m_PrefabAsset: {fileID: 0}
--- !u!4 &6253258707134891811 stripped
Transform:
  m_CorrespondingSourceObject: {fileID: 400000, guid: 3ac720105399d0549bd1ec6bc50c0123,
    type: 3}
  m_PrefabInstance: {fileID: 6253258707134766499}
  m_PrefabAsset: {fileID: 0}
